@techreport{keil1985,
  author    = {J. Mark Keil and J{\"o}rg-R{\"u}diger Sack},
  title     = {Minimum Decompositions of Polygonal Objects},
  institution = {Carleton University},
  year      = {1985},
  url       = {https://carleton.ca/scs/wp-content/uploads/TR-42.pdf}
}

@article{motionplanning2022,
  author  = {Robin Deits and Russ Tedrake},
  title   = {Motion Planning around Obstacles with Convex Optimization},
  journal = {arXiv preprint arXiv:2205.04422},
  year    = {2022},
  url     = {https://arxiv.org/abs/2205.04422}
}

@article{lien2006,
  author  = {J. M. Lien and N. M. Amato},
  title   = {Approximate Convex Decomposition of Polygons},
  journal = {Computational Geometry: Theory and Applications},
  year    = {2006},
  url     = {https://cs.gmu.edu/~jmlien/masc/uploads/Main/cd2d_CGTA.pdf}
}

@article{DeitsTedrake2014,
  author  = {R. Deits and R. Tedrake},
  title   = {Computing Large Convex Regions of Obstacle-Free Space through Semidefinite Programming},
  journal = {Proceedings of the IEEE International Conference on Robotics and Automation (ICRA)},
  year    = {2014},
  url     = {https://groups.csail.mit.edu/robotics-center/public_papers/Deits14.pdf}
}


@article{vcc2023,
  author  = {Robin Deits and Russ Tedrake},
  title   = {Approximating Robot Configuration Spaces with Few Convex Sets using Clique Covers of Visibility Graphs},
  journal = {arXiv preprint arXiv:2310.02875},
  year    = {2023},
  url     = {https://arxiv.org/pdf/2310.02875}
}

@misc{irisgithub,
  author = {Robin Deits},
  title  = {rdeits/iris-distro: Iterative Regional Inflation by SDP},
  year   = {2025},
  howpublished = {\url{https://github.com/rdeits/iris-distro}},
  note   = {Truy cập ngày 7 tháng 10, 2025}
}

@misc{drakegeometryopt,
  author = {MIT Robot Locomotion Group},
  title  = {drake::geometry::optimization Namespace Reference},
  howpublished = {\url{https://drake.mit.edu/doxygen_cxx/namespacedrake_1_1geometry_1_1optimization.html}},
  year   = {2025}
}

@misc{drakegeomoptgroup,
  author = {MIT Robot Locomotion Group},
  title  = {Geometry Optimization - Drake},
  howpublished = {\url{https://drake.mit.edu/doxygen_cxx/group__geometry__optimization.html}},
  year   = {2025}
}

@misc{pydrake,
  author = {MIT Robot Locomotion Group},
  title  = {pydrake.geometry.optimization - MIT},
  howpublished = {\url{https://drake.mit.edu/pydrake/pydrake.geometry.optimization.html}},
  year   = {2025}
}
